<?xml version="1.0" encoding="UTF-8" ?>
<collection xmlns:xsi="http://www.w3.org/2001/XMLSchema-instance" xsi:schemaLocation="http://www.loc.gov/MARC21/slim http://www.loc.gov/standards/marcxml/schema/MARC21slim.xsd" xmlns="http://www.loc.gov/MARC21/slim">
   <record>
      <leader>     cam a22     4a 4500</leader>
      <controlfield tag="001">1621570</controlfield>
      <controlfield tag="003">COO</controlfield>
      <controlfield tag="005">20100325100603.0</controlfield>
      <controlfield tag="008">890929s1981    ir       bd   000 0 ara c</controlfield>
      <datafield tag="010" ind1=" " ind2=" ">
         <subfield code="a">   89930284 </subfield>
      </datafield>
      <datafield tag="035" ind1=" " ind2=" ">
         <subfield code="a">(NIC)notisAHQ4246</subfield>
      </datafield>
      <datafield tag="035" ind1=" " ind2=" ">
         <subfield code="a">(OCoLC)64736210</subfield>
      </datafield>
      <datafield tag="035" ind1=" " ind2=" ">
         <subfield code="a">1621570</subfield>
      </datafield>
      <datafield tag="040" ind1=" " ind2=" ">
         <subfield code="a">NIC</subfield>
         <subfield code="c">NIC</subfield>
      </datafield>
      <datafield tag="041" ind1="0" ind2=" ">
         <subfield code="a">araper</subfield>
      </datafield>
      <datafield tag="042" ind1=" " ind2=" ">
         <subfield code="a">pcc</subfield>
      </datafield>
      <datafield tag="050" ind1=" " ind2="4">
         <subfield code="a">PJ6636.P</subfield>
      </datafield>
      <datafield tag="100" ind1="0" ind2=" ">
         <subfield code="a">M. ʻA. T.</subfield>
         <subfield code="q">(Taraqqī, Muḥammad ʻAlī)</subfield>
      </datafield>
      <datafield tag="245" ind1="1" ind2="0">
         <subfield code="a">Farhang-i Khayyām, ʻArabī-Fārsī :</subfield>
         <subfield code="b">shāmil-i 45 hazār vāzh-i muṣṭalah-i Fārsī, ʻArabī, Turkī bi-z̤amīnah-ʾi farhang-i lughat-i pazīraftah shuda Urūpāʾī va vazhahʹhā-yi naw-i Farhangistān /</subfield>
         <subfield code="c">taʾlīf, M.ʻA.T. [Muḥammad ʻAlī Taraqqī].</subfield>
      </datafield>
      <datafield tag="250" ind1=" " ind2=" ">
         <subfield code="a">Chāp-i 5.</subfield>
      </datafield>
      <datafield tag="260" ind1=" " ind2=" ">
         <subfield code="a">[Tehran] :</subfield>
         <subfield code="b">Kitābfurūshī-i Khayyām,</subfield>
         <subfield code="c">1359 [1981]</subfield>
      </datafield>
      <datafield tag="300" ind1=" " ind2=" ">
         <subfield code="a">672 p. ;</subfield>
         <subfield code="c">15 cm.</subfield>
      </datafield>
      <datafield tag="500" ind1=" " ind2=" ">
         <subfield code="a">Arabic and Persian.</subfield>
      </datafield>
      <datafield tag="650" ind1=" " ind2="4">
         <subfield code="a">Arabic language dictionaries</subfield>
         <subfield code="x">Persian.</subfield>
      </datafield>
      <datafield tag="905" ind1=" " ind2=" ">
         <subfield code="a">19970910120000.0</subfield>
      </datafield>
      <datafield tag="948" ind1="2" ind2=" ">
         <subfield code="a">20100325</subfield>
         <subfield code="b">m</subfield>
         <subfield code="d">batch</subfield>
         <subfield code="e">lts</subfield>
         <subfield code="x">del9XXtxt</subfield>
      </datafield>
      <datafield tag="995" ind1=" " ind2=" ">
         <subfield code="a">Hivolm</subfield>
         <subfield code="d">20100325</subfield>
      </datafield>
      <datafield tag="903" ind1=" " ind2=" ">
         <subfield code="a">NYUACO</subfield>
         <subfield code="d">20131119</subfield>
         <subfield code="p">31924075853014</subfield>
      </datafield>
      <datafield tag="950" ind1=" " ind2=" ">
         <subfield code="a">PJ6636.P4</subfield>
         <subfield code="b">T17 1981</subfield>
         <subfield code="v"> </subfield>
      </datafield>
   </record>
</collection>
